<collection xmlns="http://www.loc.gov/MARC21/slim">
<record>
  <leader>00811na 0a22001931i 450 </leader>
  <controlfield tag="001">IT\ICCU\CNCE\054540</controlfield>
  <controlfield tag="005">20080930000000.0</controlfield>
  <datafield tag="100" ind1=" " ind2=" ">
    <subfield code="a">20031007             0itac0103    ba</subfield>
  </datafield>
  <datafield tag="101" ind1=" " ind2=" ">
    <subfield code="a">LAT</subfield>
  </datafield>
  <datafield tag="200" ind1="1" ind2=" ">
    <subfield code="a">Ex Plutarcho de nugacitate opusculum hoc vertebat Ioannes Laurentius venetus</subfield>
  </datafield>
  <datafield tag="700" ind1=" " ind2="0">
    <subfield code="a">Plutarchus</subfield>
    <subfield code="3">IT\ICCU\CNCA\000103</subfield>
  </datafield>
  <datafield tag="702" ind1=" " ind2="1">
    <subfield code="a">Lorenzi,</subfield>
    <subfield code="b">Giovanni</subfield>
    <subfield code="3">IT\ICCU\CNCA\012676</subfield>
  </datafield>
  <datafield tag="790" ind1=" " ind2="0">
    <subfield code="a">Plutarco</subfield>
    <subfield code="3">IT\ICCU\CNCA\018845</subfield>
    <subfield code="z">Plutarchus</subfield>
  </datafield>
  <datafield tag="790" ind1=" " ind2="0">
    <subfield code="a">Plutarchus</subfield>
    <subfield code="c"> : Chaeroneus</subfield>
    <subfield code="3">IT\ICCU\CNCA\018846</subfield>
    <subfield code="z">Plutarchus</subfield>
  </datafield>
  <datafield tag="790" ind1=" " ind2="0">
    <subfield code="a">Plutarco</subfield>
    <subfield code="c"> : Cheroneo</subfield>
    <subfield code="3">IT\ICCU\CNCA\022661</subfield>
    <subfield code="z">Plutarchus</subfield>
  </datafield>
  <datafield tag="790" ind1=" " ind2="0">
    <subfield code="a">Ploutarchos</subfield>
    <subfield code="3">IT\ICCU\CNCA\022664</subfield>
    <subfield code="z">Plutarchus</subfield>
  </datafield>
  <datafield tag="790" ind1=" " ind2="0">
    <subfield code="a">Johannes</subfield>
    <subfield code="c"> : Venetus</subfield>
    <subfield code="3">IT\ICCU\CNCA\020891</subfield>
    <subfield code="z">Lorenzi, Giovanni</subfield>
  </datafield>
  <datafield tag="790" ind1=" " ind2="1">
    <subfield code="a">Laurentius,</subfield>
    <subfield code="b">Ioannes</subfield>
    <subfield code="3">IT\ICCU\CNCA\020892</subfield>
    <subfield code="z">Lorenzi, Giovanni</subfield>
  </datafield>
  <datafield tag="801" ind1=" " ind2="3">
    <subfield code="a">IT</subfield>
    <subfield code="b">ICCU</subfield>
    <subfield code="c">20201115</subfield>
  </datafield>
</record>
</collection>
